<?xml version="1.0" encoding="UTF-8"?><record xmlns="http://www.loc.gov/MARC21/slim" xmlns:cinclude="http://apache.org/cocoon/include/1.0" xmlns:zs="http://www.loc.gov/zing/srw/">
  <leader>01262nz  a2200217n  4500</leader>
  <controlfield tag="001">n 2013072135</controlfield>
  <controlfield tag="003">DLC</controlfield>
  <controlfield tag="005">20131206133117.0</controlfield>
  <controlfield tag="008">131206n| azannaabn          |a aaa      </controlfield>
  <datafield tag="010" ind1=" " ind2=" ">
    <subfield code="a">n 2013072135</subfield>
  </datafield>
  <datafield tag="040" ind1=" " ind2=" ">
    <subfield code="a">DLC</subfield>
    <subfield code="b">eng</subfield>
    <subfield code="c">DLC</subfield>
    <subfield code="e">rda</subfield>
  </datafield>
  <datafield tag="100" ind1="1" ind2=" ">
    <subfield code="a">Arias de Reverón, Cecilia</subfield>
  </datafield>
  <datafield tag="370" ind1=" " ind2=" ">
    <subfield code="f">San Cristóbal, Venezuela</subfield>
    <subfield code="f">Valladolid, Spain</subfield>
  </datafield>
  <datafield tag="373" ind1=" " ind2=" ">
    <subfield code="a">Grupo de Investigación Arquitectura y Sociedad, Universidad Nacional Experimental de Táchira</subfield>
  </datafield>
  <datafield tag="373" ind1=" " ind2=" ">
    <subfield code="a">Universidad de Valladolid</subfield>
  </datafield>
  <datafield tag="374" ind1=" " ind2=" ">
    <subfield code="a">Professor</subfield>
    <subfield code="a">Architect</subfield>
  </datafield>
  <datafield tag="375" ind1=" " ind2=" ">
    <subfield code="a">female</subfield>
  </datafield>
  <datafield tag="377" ind1=" " ind2=" ">
    <subfield code="a">spa</subfield>
  </datafield>
  <datafield tag="400" ind1="1" ind2=" ">
    <subfield code="a">De Reverón, Cecilia Arias</subfield>
  </datafield>
  <datafield tag="400" ind1="1" ind2=" ">
    <subfield code="a">Reverón, Cecilia Arias de</subfield>
  </datafield>
  <datafield tag="670" ind1=" " ind2=" ">
    <subfield code="a">El antiguo camino real del Táchira, 2009:</subfield>
    <subfield code="b">title page (Cecilia Arias de Reverón) cover front flap (architect with a degree from the Universidad de los Andes (Venezuela) (1974); master's in business administration with mention in tourism, Universidad Nacional Experimental de Táchira, 1988; Ph.D. in architecture, Universidad de Valladolid (2004); founding director of the carrera de arquitectura, Universidad Nacional Experimental de Táchira; retired from teaching but is still affiliated with the Grupo de Investigación Arquitectura y Sociedad, Universidad Nacional Experimental de Táchira)</subfield>
  </datafield>
</record>